@INPROCEEDINGS{jscomb,
author={P. Singh and R. Mathew and V. Singh}, 
booktitle={2015 International Conference on Computing and Network Communications (CoCoNet)}, 
title={Rethinking javascript loops as combinators}, 
year={2015}, 
pages={288-294}, 
keywords={Java;program control structures;JavaScript loops;inductive loop combinators;loop control structures;Complexity theory;Mathematical model;Programming;Prototypes;Reactive power;Semantics;Software;Functional Programming;JavaScript;Loop Combinators;Method Chaining;Stateful Combinators}, 
doi={10.1109/CoCoNet.2015.7411200}, 
month={Dec},}